1626 2792
463 181 552 209 μιν.
595 181 670 222 ιν,
709 182 838 211 emp,
882 184 963 212 vn.
1224 165 1322 211 475

169 251 221 300 Si
253 252 451 316 deregle
485 252 607 300 dans
639 270 724 300 vos
763 270 974 301 moeurs:
1010 257 1049 301 si
1087 255 1322 301 indiscret

107 325 230 383 dans
256 343 342 374 vos
364 328 579 373 actions:

172 401 224 448 Si
241 401 581 464 intemperant
600 401 722 448 dans
745 402 789 448 le
808 420 1009 468 manger
1025 415 1073 451 et
1094 403 1138 450 le
1156 403 1293 450 boire
1311 424 1320 458 ;

106 477 146 522 si
174 475 323 522 sourd
349 478 376 521 ἐι
393 474 440 521 la
457 474 626 537 parole
646 475 707 522 de
733 475 857 522 Dieu
878 498 888 523 :

173 548 224 596 Si
250 551 552 597 convoiteux
572 549 633 596 de
654 567 822 613 repos;
853 553 891 597 si
913 554 1111 598 ennemi
1136 553 1207 599 du
1226 563 1327 598 tra—

109 625 239 672 vail:

174 700 227 748 Si
260 702 436 750 eveille
461 719 588 765 pour
615 702 701 750 des
735 704 881 750 recits
919 703 1121 750 frivoles
1147 701 1216 749 :si
1242 719 1330 764 ap—

111 778 302 838 pesanti
336 794 465 840 pour
498 776 544 823 le
577 776 808 824 sommeil
843 777 1027 824 durant
1062 776 1133 824 les
1165 775 1332 823 veilles

112 851 319 907 saintes;
349 853 388 898 si
409 851 573 914 presse
599 852 711 898 d’en
739 854 847 899 voir
871 851 918 898 la
943 852 1010 898 fin
1032 871 1041 907 ;
1071 853 1109 898 si
1138 868 1236 913 peu
1257 862 1325 897 at-

112 926 270 972 tentis
287 942 348 972 en
368 942 397 989 y
415 927 673 973 assistant:

181 998 232 1046 Si
251 999 437 1063 dissipe
457 1017 517 1047 en
538 1000 749 1048 recitant
767 1000 941 1048 l’office
960 1000 1122 1060 divin,
1145 1003 1182 1047 si
1203 1001 1331 1047 tiede

114 1090 174 1120 en
198 1073 454 1121 celebrant
469 1112 481 1133 ‚
509 1076 547 1120 si
573 1075 711 1122 aride
732 1074 854 1122 dans
889 1074 936 1121 la
959 1073 1298 1122 Communion
1319 1094 1329 1118 :

180 1146 231 1194 Si
256 1147 499 1195 aisement
523 1147 722 1195 distrait
742 1170 751 1205 ;
783 1150 821 1195 si
848 1160 1101 1195 rarement
1124 1148 1243 1194 bien
1266 1166 1328 1195 re·

115 1221 311 1270 cueilli:

180 1295 232 1344 Si
257 1295 335 1344 ῐόῐ
360 1296 479 1344 έιηη
502 1296 564 1344 de
595 1297 782 1353 colere3
815 1298 852 1343 si
878 1307 1084 1359 prompt
1101 1299 1127 1343 ἐι
1152 1296 1334 1343 hlesser

116 1372 185 1420 les
209 1383 403 1420 autres:
1213 1373 1226 1388 ²

181 1446 232 1495 Si
277 1447 440 1494 enclin
476 1450 503 1494 a
545 1448 684 1512 juger
723 1447 824 1494 mal
846 1469 856 1505 3
891 1448 930 1494 si
979 1447 1145 1494 severe
1189 1448 1215 1492 ἐι
1258 1463 1335 1506 re-

116 1521 365 1586 prendre:

182 1595 233 1643 Si
272 1595 445 1643 enivre
478 1595 540 1643 de
571 1597 668 1658 joie
706 1595 829 1643 dans
863 1595 911 1643 la
945 1594 1253 1658 prosperite;
1297 1598 1336 1642 si

116 1671 295 1718 abattu
314 1669 436 1718 dans
457 1669 742 1717 l’adversite'e
764 1690 775 1716 :

183 1743 236 1793 Si
259 1745 440 1793 second
465 1763 527 1792 en
543 1744 733 1792 bonnes
748 1744 1048 1794 resolutions
1068 1781 1079 1803 ,
1101 1754 1150 1790 et
1175 1744 1213 1789 si
1236 1742 1308 1789 ste

118 1818 209 1867 rile
226 1835 288 1866 en
307 1817 497 1866 bonnes
515 1835 721 1866 oeuvres.
1190 1877 1198 1885 Π

184 1895 230 1941 3.
284 1894 439 1956 ΑΡΓὲε
469 1895 607 1941 avoir
648 1894 865 1941 confesse
895 1905 944 1940 et
981 1891 1184 1954 de'plore
1220 1907 1335 1938 avec

121 1987 218 2016 une
242 1968 427 2033 grande
452 1967 665 2015 douleur
690 1980 740 2016 et
772 1987 841 2015 un
873 1968 949 2015 vif
973 1968 1243 2014 sentiment
1274 1965 1335 2011 de

121 2054 262 2091 votre
281 2042 530 2101 foiblesse‚
551 2059 628 2090 ces
647 2042 845 2090 defauts
870 2054 919 2089 et
944 2054 1056 2090 tous
1079 2041 1150 2087 les
1168 2052 1334 2087 autres

122 2121 209 2184 qui
228 2130 449 2182 peuvent
468 2120 570 2166 etre
596 2136 654 2166 en
682 2136 833 2178 vous,
861 2119 1047 2167 sormez
1076 2135 1144 2165 un
1177 2117 1334 2164 ferme

123 2211 303 2257 propos
327 2193 388 2240 de
420 2211 540 2241 vous
576 2195 813 2258 corriger,
846 2205 894 2240 et
919 2194 1176 2241 d'avancer
1213 2190 1333 2239 dans

123 2268 169 2315 la
200 2279 353 2315 vestu.
